@book{Atkinson1989Introduction,
  author    = {K. E. Atkinson},
  title     = {An Introduction to Numerical Analysis},
  publisher = {Wiley},
  year      = {1989},
  isbn      = {978-0471624899}
}

@book{Axler2015Linear,
  author    = {Sheldon Axler},
  title     = {Linear Algebra Done Right},
  publisher = {Springer},
  edition   = {Third},
  year      = {2015},
  isbn      = {978-3-319-11079-0}
}

@book{Briggs2000Multigrid,
  author    = {W. L. Briggs and V. E. Henson and S. F. McCormick},
  title     = {A Multigrid Tutorial},
  edition   = {2nd},
  publisher = {SIAM},
  year      = {2000},
  isbn      = {0-89871-462-1}
}

@article{Butcher1975Stability,
  author    = {J. C. Butcher},
  title     = {A stability property of implicit Runge-Kutta methods},
  journal   = {BIT},
  volume    = {15},
  pages     = {358--361},
  year      = {1975}
}

@article{Calvo2001Linearly,
  author    = {M. P. Calvo and J. de Frutos and J. Novo},
  title     = {Linearly implicit Runge-Kutta methods for advection-reaction-diffusion equations},
  journal   = {Appl. Numer. Math.},
  volume    = {37},
  pages     = {535--549},
  year      = {2001}
}

@book{Davis2014Interpolation,
  author    = {P. J. Davis},
  title     = {Interpolation and Approximation},
  publisher = {Dover},
  year      = {2014},
  isbn      = {978-0486624952}
}

@book{Davis2007Methods,
  author    = {P. J. Davis and P. Rabinowitz},
  title     = {Methods of Numerical Integration},
  publisher = {Dover},
  edition   = {Second},
  year      = {2007},
  isbn      = {978-0486453392}
}

@book{Freitag2009Complex,
  author    = {E. Freitag and R. Busam},
  title     = {Complex Analysis},
  publisher = {Springer-Verlag},
  edition   = {Second},
  year      = {2009},
  isbn      = {978-3540939825}
}

@book{Gautschi2012Numerical,
  author    = {W. Gautschi},
  title     = {Numerical Analysis},
  publisher = {Birkhauser},
  edition   = {Second},
  year      = {2012},
  isbn      = {978-0-8176-8258-3}
}

@book{Guckenheimer1983Nonlinear,
  author    = {J. Guckenheimer and P. Holmes},
  title     = {Nonlinear Oscillations, Dynamical Systems, and Bifurcations of Vector Fields},
  publisher = {Springer},
  edition   = {Corrected 7th printing, 2002 edition},
  year      = {1983},
  isbn      = {978-0387908199}
}

@book{Hadamard1923Lectures,
  author    = {J. Hadamard},
  title     = {Lectures on Cauchy’s Problem in Linear Partial Differential Equations},
  publisher = {Yale University Press},
  address   = {New Haven},
  year      = {1923}
}

@book{Hairer1993Solving,
  author    = {E. Hairer and S. P. Norsett and G. Wanner},
  title     = {Solving Ordinary Differential Equations I: Nonstiff Problems},
  publisher = {Springer},
  edition   = {Second revised edition},
  year      = {1993},
  isbn      = {978-3-540-56670-0}
}

@book{Higham2002Accuracy,
  author    = {N. J. Higham},
  title     = {Accuracy and Stability of Numerical Algorithms},
  publisher = {SIAM},
  edition   = {Second},
  year      = {2002},
  isbn      = {978-0-898715-21-7}
}

@book{Higham2008Functions,
  author    = {N. J. Higham},
  title     = {Functions of Matrices: Theory and Computation},
  publisher = {SIAM},
  year      = {2008},
  isbn      = {978-0-89871-646-7}
}

@book{Hodel2013Introduction,
  author    = {R. E. Hodel},
  title     = {An Introduction to Mathematical Logic},
  publisher = {Dover},
  year      = {2013},
  isbn      = {978-0-486-49785-3}
}

@book{Isaacson1966Analysis,
  author    = {E. Isaacson and H. B. Keller},
  title     = {Analysis of Numerical Methods},
  publisher = {Dover},
  year      = {1966},
  isbn      = {0-486-68029-0}
}

@article{Kennedy2003Additive,
  author    = {C. A. Kennedy and M. H. Carpenter},
  title     = {Additive Runge-Kutta schemes for convection-diffusion-reaction equations},
  journal   = {Appl. Numer. Math.},
  volume    = {44},
  pages     = {139--181},
  year      = {2003}
}

@techreport{Kennedy2016Diagonally,
  author    = {C. A. Kennedy and M. H. Carpenter},
  title     = {Diagonally implicit Runge-Kutta methods for Ordinary Differential Equations. A Review},
  institution = {NASA Langley Research Center},
  year      = {2016},
  note      = {Technical report}
}

@book{Kress1998Numerical,
  author    = {R. Kress},
  title     = {Numerical Analysis},
  publisher = {Springer},
  year      = {1998},
  isbn      = {978-0387984087}
}

@book{Lai2007Spline,
  author    = {M.-J. Lai and L. L. Schumaker},
  title     = {Spline Functions on Triangulations},
  publisher = {Cambridge University Press},
  year      = {2007},
  isbn      = {978-0-521-87592-9}
}

@book{Lambert1991Numerical,
  author    = {J. D. Lambert},
  title     = {Numerical Methods for Ordinary Differential Equations},
  publisher = {John Wiley \& Sons},
  year      = {1991}
}

@article{Levy1998Semidiscrete,
  author    = {D. Levy and E. Tadmor},
  title     = {From semidiscrete to fully discrete: stability of Runge-Kutta schemes by the energy method},
  journal   = {SIAM Review},
  volume    = {40},
  number    = {1},
  pages     = {40--73},
  year      = {1998}
}

@book{Mason2003Chebyshev,
  author    = {J. C. Mason and D. C. Handscomb},
  title     = {Chebyshev Polynomials},
  publisher = {Chapman \& Hall/CRC},
  year      = {2003},
  isbn      = {0-8493-0355-9}
}

@article{Milnor1978Analytic,
  author    = {J. Milnor},
  title     = {Analytic proofs of the ‘Hairy Ball Theorem’ and the Brouwer fixed point theorem},
  journal   = {Amer. Math. Monthly},
  volume    = {85},
  number    = {7},
  pages     = {521--524},
  year      = {1978}
}